
@InProceedings{Prochasson07b,
 author       = {Emmanuel Prochasson and Emmanuel Morin and Christian Viard-Gaudin},
 title        = {Vers la reconnaissance de mini-messages manuscrits},
 booktitle    = {Actes du 26Ã¨me Colloque International sur le Lexique et la Grammaire (LG'07)},
 year         = {2007},
 location	= {Bonifacio, France}
} 
