@inproceedings{Prochasson08,
  title = {Looking for {T}ransliterations in a trilingual {E}nglish, {F}rench and {J}apanese {S}pecialised {C}omparable {C}orpus},
  author = {Emmanuel Prochasson and Kyo Kageura and Emmanuel Morin and Akiko Aizawa},
  booktitle = {Proceedings of the Workshop on Comparable Corpora, Language Resources and Evaluation Conference (LREC'08)},
  year = {2008},
  pages = {83--86},
  location = {Marrakesh, Morocco},
}  
 
