@inproceedings{Prochasson09a,
  author = {Emmanuel Prochasson and Emmanuel Morin and Kyo Kageura},
  title = {Anchor points for bilingual lexicon extraction from small comparable corpora},
  booktitle = {Machine Translation Summit 2009},
  location = {Ottawa, Canada},
  pages = {8},
  year = {2009}
}
