@inproceedings{Prochasson09,
	author = {Emmanuel Prochasson and Emmanuel Morin},
	title = {Influence des points d'ancrage pour l'extraction lexicale bilingue à partir de corpus comparables spécialisés},
	booktitle = {Conférences sur le Traitement Automatique des Langues Naturelles (TALN'09)},
	location = {Senlis, France},
	year = {2009},
	pages = {10}
}
